@report{ufi2001YaoDavis,
	author = {Jixian Yao and Roger L. Davis and Juan J. Alonso and
	Antony Jameson},
	title = {Unsteady Flow Investigations in an
	Axial Turbine Using the Massively
	Parallel Flow Solver TFLO},
	institution = {Stanford University, Stanford, CA 94305},
	year = {2001}
	
}

@book{GLR-Skript,
	author = {Dietmar K. Hennecke and Karl WÃ¶rrlein},
	title = {Flugantriebe und Gasturbinen},
	institution = {TU Darmstadt},
	year = {2000}
	
}


@Misc{Sharcnet1,
	title = {CFX Pre User's Guide},
	note = {Eingesehen am 14.06.2017},
	url = {https://www.sharcnet.ca/Software/Ansys/17.0/en-us/help/cfx_mod/CACDIGEH.html},
	
	
}

@Misc{RRFlickr,
	title = {Rolls-Royce plc - flickr},
	note = {Eingesehen am 03.07.2017},
	url = {https://www.flickr.com/photos/rolls-royceplc/albums/72157644997543445},

}


